<?xml version="1.0" encoding="UTF-8"?><collection xmlns="http://www.loc.gov/MARC21/slim"><record><leader>00465nam--2200169-i-4500</leader><controlfield tag="001">000033702</controlfield><controlfield tag="002">20161230</controlfield><controlfield tag="005">20161230201039</controlfield><controlfield tag="008">060222s1000------------r-----000-0-ger-d</controlfield><datafield ind1=" " ind2=" " tag="041"><subfield code="a">ger</subfield></datafield><datafield ind1="1" ind2=" " tag="100"><subfield code="a">Muller Hans Robert</subfield></datafield><datafield ind1="1" ind2="0" tag="245"><subfield code="a">Spharische kinematik</subfield><subfield code="c">Hans Robert Muller</subfield></datafield><datafield ind1=" " ind2=" " tag="260"><subfield code="a">Berlin, Veb Deutscher Verlag Von Wiss., 1962</subfield></datafield><datafield ind1=" " ind2=" " tag="300"><subfield code="a">X + 121P</subfield></datafield><datafield ind1=" " ind2=" " tag="490"><subfield code="a">Mathematisache Monographien</subfield><subfield code="v">vol. 6</subfield></datafield><datafield ind1=" " ind2=" " tag="852"><subfield code="a">8520</subfield><subfield code="c">/ 531</subfield></datafield><datafield ind1=" " ind2=" " tag="CAT"><subfield code="a">Sys</subfield><subfield code="c">20100621</subfield><subfield code="h">151853</subfield></datafield></record></collection>